<record><leader>01333ccm a2200325 a 4500</leader><controlfield tag="001">1317439</controlfield><controlfield tag="008">900905s1985    enkuuzn        n    eng d</controlfield><datafield ind1=" " ind2=" " tag="010"><subfield code="a">   86754308 /M</subfield></datafield><datafield ind1=" " ind2=" " tag="035"><subfield code="a">ocm13356732</subfield></datafield><datafield ind1=" " ind2=" " tag="040"><subfield code="a">DLC</subfield><subfield code="b">eng</subfield><subfield code="c">DLC</subfield></datafield><datafield ind1="0" ind2=" " tag="041"><subfield code="g">engfreger</subfield></datafield><datafield ind1=" " ind2=" " tag="048"><subfield code="a">ka01</subfield></datafield><datafield ind1=" " ind2=" " tag="049"><subfield code="a">AEU</subfield><subfield code="b">eng</subfield></datafield><datafield ind1="0" ind2="0" tag="050"><subfield code="a">M22</subfield><subfield code="b">.R12 op. 33 1985</subfield></datafield><datafield ind1="0" ind2=" " tag="090"><subfield code="a">M 22 R119 D687 1985 folio</subfield></datafield><datafield ind1="1" ind2=" " tag="100"><subfield code="a">Rachmaninoff, Sergei,</subfield><subfield code="d">1873-1943.</subfield></datafield><datafield ind1="1" ind2="0" tag="240"><subfield code="a">&#201;tudes-tableaux,</subfield><subfield code="n">op. 33</subfield></datafield><datafield ind1="1" ind2="0" tag="245"><subfield code="a">Etudes-tableaux</subfield><subfield code="h">[music] :</subfield><subfield code="b">op. 33, nos. 1-8 &amp; op. 39, nos. 1-9 for piano /</subfield><subfield code="c">Serge Rachmaninoff ; introduction and performance notes by Peter Donohoe.</subfield></datafield><datafield ind1=" " ind2=" " tag="250"><subfield code="a">Authentic ed.</subfield></datafield><datafield ind1=" " ind2=" " tag="260"><subfield code="a">London ;</subfield><subfield code="a">New York :</subfield><subfield code="b">Boosey &amp; Hawkes,</subfield><subfield code="c">c1985.</subfield></datafield><datafield ind1=" " ind2=" " tag="300"><subfield code="a">107 p. of music ;</subfield><subfield code="c">32 cm.</subfield></datafield><datafield ind1=" " ind2=" " tag="336"><subfield code="a">notated music</subfield><subfield code="b">ntm</subfield><subfield code="2">rdacontent</subfield></datafield><datafield ind1=" " ind2=" " tag="337"><subfield code="a">unmediated</subfield><subfield code="b">n</subfield><subfield code="2">rdamedia</subfield></datafield><datafield ind1=" " ind2=" " tag="500"><subfield code="a">Op. 33 edited from the 1914 ed. published by A. Gutheil, Leipzig; op. 39 edited from the original ed. of 1920, published in Berlin.</subfield></datafield><datafield ind1=" " ind2=" " tag="500"><subfield code="a">Prefatory material in English, French, and German.</subfield></datafield><datafield ind1=" " ind2=" " tag="596"><subfield code="a">43</subfield></datafield><datafield ind1=" " ind2="0" tag="650"><subfield code="a">Piano music.</subfield></datafield><datafield ind1="1" ind2=" " tag="700"><subfield code="a">Donohoe, Peter.</subfield></datafield><datafield ind1="1" ind2="2" tag="700"><subfield code="a">Rachmaninoff, Sergei,</subfield><subfield code="d">1873-1943.</subfield><subfield code="t">&#201;tudes-tableaux,</subfield><subfield code="n">op. 39.</subfield></datafield><datafield ind1=" " ind2=" " tag="926"><subfield code="a">M 22 R119 D687 1985 folio</subfield><subfield code="w">LC</subfield><subfield code="c">1</subfield><subfield code="i">000033764267</subfield><subfield code="d">7/8/2014</subfield><subfield code="e">5/27/2014</subfield><subfield code="l">MUSIC</subfield><subfield code="m">UAHSS</subfield><subfield code="n">62</subfield><subfield code="p">$150.00</subfield><subfield code="r">Y</subfield><subfield code="s">Y</subfield><subfield code="t">MUSICSCORE</subfield><subfield code="u">9/7/1990</subfield></datafield></record>